@online{cleveref,
title = "cleveref",
author = "Toby Cubitt",
url = "http://mirrors.ctan.org/macros/latex/contrib/cleveref/cleveref.pdf",
eprinttype = "ctan",
eprint = "cleveref",
}

@online{foreign,
title = "foreign",
author = "Philip G. Ratcliffe",
url = "http://mirrors.ctan.org/macros/latex/contrib/foreign/foreign.pdf",
eprinttype = "ctan",
eprint = "foreign",
}

@online{geometry,
title = "geometry",
author = "David Carlisle and Hideo Umeki",
url = "http://mirrors.ctan.org/macros/latex/contrib/geometry/geometry.pdf",
eprinttype = "ctan",
eprint = "geometry",
}

@online{a4wide,
title = "a4wide",
author = "Alexander Holt and Jean-François Lamy",
url = "http://mirrors.ctan.org/macros/latex/contrib/a4wide/a4wide.pdf",
eprinttype = "ctan",
eprint = "a4wide",
}

@online{microtype,
title = "microtype",
author = "Robert Schlicht",
url = "http://mirrors.ctan.org/macros/latex/contrib/microtype/microtype.pdf",
eprinttype = "ctan",
eprint = "microtype",
}

@online{authblk,
title = "authblk",
author = "Patrick W. Daly",
url = "http://mirrors.ctan.org/macros/latex/contrib/authblk/authblk.pdf",
eprinttype = "ctan",
eprint = "authblk",
}

@online{bm,
title = "bm",
author = "David Carlisle and Frank Mittelbach",
url = "http://mirrors.ctan.org/macros/latex/required/tools/bm.pdf",
eprinttype = "ctan",
eprint = "bm",
}

@online{empheq,
title = "empheq",
author = "Lars Madsen and Morten Høgholm and Will Robertson and Joseph Wright",
url = "http://mirrors.ctan.org/macros/latex/contrib/mathtools/empheq.pdf",
eprinttype = "ctan",
eprint = "empheq",
}

@online{mathtools,
title = "mathtools",
author = "Lars Madsen and Morten Høgholm and Will Robertson and Joseph Wright",
url = "http://mirrors.ctan.org/macros/latex/contrib/mathtools/mathtools.pdf",
eprinttype = "ctan",
eprint = "mathtools",
}

@online{amsmath,
title = "amsmath",
author = "LaTeX",
collaboration = "LaTeX",
url = "http://mirrors.ctan.org/macros/latex/required/amsmath/amsldoc.pdf",
eprinttype = "ctan",
eprint = "amsmath",
}

@online{amsfonts,
title = "amsfonts",
author = "Michael Downes and David M. Jones and Frank Mittelbach and Rainer Schöpf",
url = "http://mirrors.ctan.org/fonts/amsfonts/doc/amsfndoc.pdf",
eprinttype = "ctan",
eprint = "amsfonts",
}

@online{amssymb,
title = "amssymb",
author = "Michael Downes and David M. Jones and Frank Mittelbach and Rainer Schöpf",
url = "http://mirrors.ctan.org/fonts/amsfonts/doc/amsfndoc.pdf",
eprinttype = "ctan",
eprint = "amsfonts",
}

@online{slashed,
title = "slashed",
author = "David Carlisle",
eprinttype = "ctan",
eprint = "slashed",
}

@online{physics,
title = "physics",
author = "Sergio C. de la Barrera",
url = "http://mirrors.ctan.org/macros/latex/contrib/physics/physics.pdf",
eprinttype = "ctan",
eprint = "physics",
}

@online{units,
title = "units",
author = "Axel Reichert",
url = "http://mirrors.ctan.org/macros/latex/contrib/units/units.pdf",
eprinttype = "ctan",
eprint = "units",
}

@online{subcaption,
title = "subcaption",
author = "Axel Sommerfeldt",
url = "http://mirrors.ctan.org/macros/latex/contrib/caption/subcaption.pdf",
eprinttype = "ctan",
eprint = "subcaption",
}

@online{biblatex,
title = "biblatex",
author = "Philipp Lehman and Joseph Wright and Audrey Boruvka and Philip Kime",
url = "http://mirrors.ctan.org/macros/latex/contrib/biblatex/doc/biblatex.pdf",
eprinttype = "ctan",
eprint = "biblatex",
}

@online{hyperref,
title = "hyperref",
author = "Sebastian Rahtz and Heiko Oberdiek",
url = "http://mirrors.ctan.org/macros/latex/contrib/hyperref/doc/manual.pdf",
eprinttype = "ctan",
eprint = "hyperref",
}

@online{graphicx,
title = "graphicx",
author = "David Carlisle and Sebastian Rahtz",
url = "http://mirrors.ctan.org/macros/latex/required/graphics/grfguide.pdf",
eprinttype = "ctan",
eprint = "graphicx",
}

@online{booktabs,
title = "booktabs",
author = "Danie Els and Simon Fear",
url = "http://mirrors.ctan.org/macros/latex/contrib/booktabs/booktabs.pdf",
eprinttype = "ctan",
eprint = "booktabs",
}

@online{multirow,
title = "multirow",
author = "Piet van Oostrum and Jerry Leichter",
url = "http://mirrors.ctan.org/macros/latex/contrib/multirow/multirow.pdf",
eprinttype = "ctan",
eprint = "multirow",
}

@online{fixmath,
title = "fixmath",
author = "Walter Schmidt",
url = "http://mirrors.ctan.org/macros/latex/contrib/was/fixmath.pdf",
eprinttype = "ctan",
eprint = "fixmath",
}

@online{alphabeta,
title = "alphabeta",
author = "Günter Milde",
url = "http://mirrors.ctan.org/language/greek/greek-fontenc/alphabeta-doc.pdf",
eprinttype = "ctan",
eprint = "greek-fontenc",
}

@online{arxiv-collector,
title = "arxiv-collector",
author = "Dougal Sutherland",
eprinttype = "github",
eprintclass = "dougalsutherland",
eprint = "arxiv-collector",
}

@online{biber,
title = "biber",
author = "François Charette and Philip Kime",
eprinttype = "github",
eprintclass = "plk",
eprint = "biber",
url = "https://sourceforge.net/projects/biblatex-biber",
}

@online{lmodern,
title = "lmodern",
author = "B. Jackowski and J.M. Nowacki",
url = "https://www.ctan.org/tex-archive/fonts/lm",
eprinttype = "ctan",
eprint = "lm",
}

@online{ifluatex,
title = "ifluatex",
collaboration = "LaTeX",
author = "Heiko Oberdiek",
url = "http://mirrors.ctan.org/macros/latex/contrib/iftex/README.md",
eprinttype = "ctan",
eprint = "ifluatex",
}

@online{fontspec,
title = "fontspec",
author = "Will Robertson and Khaled Hosny",
url = "http://mirrors.ctan.org/macros/latex/contrib/fontspec/fontspec.pdf",
eprinttype = "ctan",
eprint = "fontspec",
}

@online{fontenc,
title = "fontenc",
collaboration = "LaTeX",
author = "LaTeX",
eprinttype = "ctan",
eprint = "fontenc",
}

@online{inputenc,
title = "inputenc",
collaboration = "LaTeX",
author = "Frank Mittelbach and Alan Jeffrey",
url = "http://mirrors.ctan.org/macros/latex/base/inputenc.pdf",
eprinttype = "ctan",
eprint = "inputenc",
}

@online{textcomp,
title = "textcomp",
collaboration = "LaTeX",
author = "LaTeX",
url = "http://mirrors.ctan.org/obsolete/fonts/psfonts/ts1/README",
eprinttype = "ctan",
eprint = "textcomp",
}

@online{enumitem,
title = "enumitem",
author = "Javier Bezos",
url = "http://mirrors.ctan.org/macros/latex/contrib/enumitem/enumitem.pdf",
eprinttype = "ctan",
eprint = "enumitem",
}

@online{atbegshi,
title = "atbegshi",
author = "Heiko Oberdiek",
url = "http://mirrors.ctan.org/macros/latex/contrib/atbegshi/atbegshi.pdf",
eprinttype = "ctan",
eprint = "atbegshi",
}

@online{picture,
title = "picture",
author = "Heiko Oberdiek",
url = "http://mirrors.ctan.org/macros/latex/contrib/picture/picture.pdf",
eprinttype = "ctan",
eprint = "picture",
}

@online{varwidth,
title = "varwidth",
author = "Donald Arseneau",
url = "http://mirrors.ctan.org/macros/latex/contrib/varwidth/varwidth-doc.pdf",
eprinttype = "ctan",
eprint = "varwidth",
}

@online{csquotes,
title = "csquotes",
author = "Philipp Lehman and Joseph Wright",
url = "http://mirrors.ctan.org/macros/latex/contrib/csquotes/csquotes.pdf",
eprinttype = "ctan",
eprint = "csquotes",
}

@online{babel,
title = "babel",
author = "Johannes Braams and Javier Bezos and at al.",
url = "http://mirrors.ctan.org/macros/latex/required/babel/base/babel.pdf",
eprinttype = "ctan",
eprint = "babel",
}

@online{polyglossia,
title = "polyglossia",
author = "Arthur Reutenauer and François Charette and Elie Roux and Bastien Roucariès and Jürgen Spitzmüller",
url = "http://mirrors.ctan.org/macros/latex/contrib/polyglossia/polyglossia.pdf",
eprinttype = "ctan",
eprint = "polyglossia",
}
